@article{LabProcedure,
author = {Martin, James D. D.  and Instructors},
pages = {1-4},
title = {Radio-frequency electronics},
journal = {PHYS 360\/460 Lab Manuals},
year = {2014/05/13},
url = {http://science.uwaterloo.ca/~jddmarti/teaching/phys360_460/rf_exp/rf_exp.html}
}

@misc{code,
  title = {460\_E10\_RF Source Code},
  year = {2017},
  publisher = {GitHub},
  journal = {GitHub repository},
  howpublished = {\url{https://github.com/tokiyoshi/460_E10_RF}}
}